@article{omicronairways,
	author  = {Kozlov, M.}, 
	title   = {Omicron’s feeble attack on the lungs could make it less dangerous},
	journal = {Nature},
	year    = 2022,
	pages   = {177},
	month   = 1, 
	volume  = 601,
	url = {https://www.nature.com/articles/d41586-022-00007-8}
}
@conference{ilungconf,
	author       = {Pasteka, R. and Forjan, M.}, 
	title        = {Actively Breathing Mechanical Lung Simulator Development and Preliminary Measurements},
	booktitle    = {European Medical and Biological Engineering Confernce Nordic-Baltic Conference on Biomedical Engineering and Medical Physics},
	year         = 2017,
	pages        = {751-754},
	address      = {Finland}
}
@online{ilungorf,
	author = {Hutsteiner, R.},
	title = {„iLung“ simuliert menschliche Lunge},
	year = 2017,
	url = {https://science.orf.at/v2/stories/2844241/},
	urldate = {2021-11-18}
}
@conference{breathingpatterns,
	author       = {Pasteka, R. and Forjan, M.}, 
	title        = {Changes of particle deposition caused by different breathing patterns during active lung simulation},
	booktitle    = {Annual International Conference of the IEEE Engineering in Medicine and Biology Society. IEEE Engineering in Medicine and Biology Society. Annual International Conference},
	year         = 2019,
	pages        = {4969–4972},
	address      = {Berlin}
}
@online{mpx5010,
	author = {Freescale Semiconductor},
	title = {MPX5010 Series Datasheet},
	url = {https://www.nxp.com/docs/en/data-sheet/MPX5010.pdf},
	urldate = {2022-01-19}
}
@online{sfm3300,
	author = {Sensirion Sensor Company},
	title = {Sensirion SFM3300 Datasheet},
	url = {https://sensirion.com/media/documents/8ECF0D28/61668A62/Sensirion_Mass_Flow_Meters_SFM3300_Datasheet.pdf},
	urldate = {2022-01-19}
}
@online{iso5356,
	author = {International Organization for Standardization},
	title = {ISO 5356-1:2004},
	url = {https://www.iso.org/standard/37081.html},
	urldate = {2022-01-19}
}
@online{yt-tutorials,
	author = {Various},
	title = {3D Slicer YouTube Tutorials},
	url = {https://www.youtube.com/watch?v=9iiOBmaP8bA,https://www.youtube.com/watch?v=0l-vXTfFtGw, https://www.youtube.com/watch?v=r_GnJgtudWs,https://www.youtube.com/watch?v=wS6-4dwZCfo},
	urldate = {2021-12-03}
}
@online{fast-marching,
	author = {Lasso, A.},
	title = {3D Slicer segmentation recipes - Fast Marching},
	url = {https://lassoan.github.io/SlicerSegmentationRecipes/AortaFastMarching/},
	urldate = {2021-12-12}
}